@book{SuppesBook,
  title={Axiomatic Set Theory},
  author={Suppes, P.},
  year={1960},
  publisher={D. Van Nostrand Company},
  edition={1st}
}

@book{JechBook,
  title={Set Theory},
  author={Jech, T.},
  volume={14},
  year={2003},
  publisher={Springer},
  edition={3rd}
}

@book{Principia,
  title={Principia Mathematica},
  author={Whitehead, A. and Russell, B.},
  publisher={Cambridge University Press},
  volume={1},
  year={1910},
  edition={}
}

@article{Zermelo1908,
  title={Untersuchungen {\"u}ber die Grundlagen der Mengenlehre. I},
  author={Zermelo, E.},
  journal={Mathematische Annalen},
  volume={65},
  number={2},
  pages={261--281},
  year={1908},
  publisher={Springer}
}

@article{Fraenkel1922,
  title={Zu den Grundlagen der Cantor-Zermeloschen Mengenlehre},
  author={Fraenkel, A.},
  journal={Mathematische Annalen},
  volume={86},
  pages={230--237},
  year={1953},
  edition={1st}
}

@book{Ciesielski1997,
  title={Set Theory for the Working Mathematician},
  author={Ciesielski, K.},
  year={1997},
  publisher={Cambridge University Press},
  edition={}
}

@book{RussellPrinciples,
  title={The Principles of Mathematics},
  author={Russell, B.},
  year={1938},
  publisher={W. W. Norton and Company},
  edition={2nd}
}

@book{Peano,
  title={Formulario Mathematico},
  author={Peano, G.},
  year={1908},
  publisher={Fratres Bocca},
  edition={5th}
}

@book{BachmannTransfinite,
  title={Transfinite Zahlen},
  author={Bachmann, H.},
  year={1955},
  publisher={Springer-Verlag},
  edition={}
}

@book{Dictionary,
  title={Concise Oxford English Dictionary},
  author={Stevenson, A. and Waite, M.},
  year={2011},
  publisher={Oxford University Press},
  edition={12th}
}

@misc{ToyStory,
  title={Toy Story},
  author={Lasseter, J.},
  year={1995},
  howpublished={United States of America: Pixar Animation Studios}
}

@MISC {NoWellOrderReals,
    TITLE = {Is there a known well ordering of the reals?},
    AUTHOR = {Mummert (https://math.stackexchange.com/users/630/carl-mummert), C.},
    HOWPUBLISHED = {Mathematics Stack Exchange},
    NOTE = {URL : https://math.stackexchange.com/q/6504 (version: 2010-10-11)},
    EPRINT = {https://math.stackexchange.com/q/6504},
    URL = {https://math.stackexchange.com/q/6504}
}

@misc{MarxCommunist,
  title={The Communist Manifesto},
  author={Marx, K. and Engels, F.},
  year={1848},
  howpublished = {J. E. Burghard}
}

@book{TakeutiZaring,
  title = {Introduction to Axiomatic Set Theory},
  author = {Takeuti, G. and Zaring, W. M.},
  year = {1982},
  publisher = {Springer-Verlag New York Inc.},
  edition = {2nd}
}

@article{GoodsteinIndependence,
  title = {Accessible Independence For Peano Arithmetic},
  author = {Kirby, L. and Paris, J.},
  year = {1982},
  journal = {Bulletin of London Mathematical Society},
  volume = {14},
  number = {4},
  pages = {285--293}
}

@article{GoodsteinPaper,
  title = {On The Restricted Ordinal Theorem},
  author = {Goodstein, R. L.},
  journal = {The Journal of Symbolic Logic},
  volume = {9},
  year = {1944},
  number = {2},
  pages = {33--41}
}

@article{GoodsteinFunction,
  title = {Goodstein's Function},
  author = {Caicedo, A.},
  journal = {Revista Colombiana de Matem√°ticas},
  year = {2007},
  volume = {41},
  number = {2},
  pages = {381--391}
}

@article{FastGrowingFunctions,
  title = {Unprovable Theorems and Fast-Growing Functions},
  author = {Simpson, S. G.},
  year = {1987},
  journal = {Contemporary Mathematics},
  volume = {65},
  pages = {359--394}
}

@book{GoodsteinProof,
  title = {Gentzen's Centenary: The Quest for Consistency},
  author = {Rathjen, M. and Kahle, R.},
  year = {2015},
  publisher = {Springer},
  edition = {}
}

@misc{GoodsteinEg,
  title = {Goodstein Sequence Starting With 16},
  howpublished = {The On-Line Encyclopedia of Integer Sequences},
  url = {https://oeis.org/A059933}
}